@misc{ostry-brzuch,
    title = "OSTRY BRZUCH: przyczyny, objawy i leczenie tzw. ostrego brzucha",
    year = 2017,
    month = 11,
    day = 30,
    author = "Monika Majewska",
    url = "http://www.poradnikzdrowie.pl/zdrowie/uklad-pokarmowy/ostry-brzuch-przyczyny-objawy-leczenie-ostrego-brzucha_35445.html"
}

@article{dropout,
    author = "Nitish Srivastava",
    title = "Dropout:  A Simple Way to Prevent Neural Networks from Overfitting",
    journal = "Journal of Machine Learning Research",
    number = "15",
    year = "2014",
    url = "https://www.cs.toronto.edu/~hinton/absps/JMLRdropout.pdf"
}

@article{cs231_neural_2,
    title = "CS231n Winter 2016: Lecture 5: Neural Networks Part 2",
    year = "2016",
    author = "Andrej Karpathy",
    url = "https://www.youtube.com/watch?v=gYpoJMlgyXA"
}

@misc{neuron,
    author = {Michael Nielsen},
    title = {Neural Networks and Deep Learning},
    year = {2017},
}

@article{sigmoid,
    author = {Wolfram Alpha},
    title = {Sigmoid Function},
    journal = {WolframMathWorld},
    year = {2017},
}


@article{chi2,
    author = {Christopher D. Manning},
    title = {Feature selectionChi2 Feature selection},
    journal = {Introduction to Information Retrieval},
    year = {2008},
}

@book{latexcompanion,
    author = "Michel Goossens and Frank Mittelbach and Alexander Samarin",
    title = "The \LaTeX\ Companion",
    year = "1993",
    publisher = "Addison-Wesley",
    address = "Reading, Massachusetts"
}

@misc{knuthwebsite,
    author = "Donald Knuth",
    title = "Knuth: Computers and Typesetting",
    url = "http://www-cs-faculty.stanford.edu/\~{}uno/abcde.html"
}


